@inproceedings{ClarasWorld,
author = {Bogdanovych, Anton and Trescak, Tomas},
howpublished={\url{https://www.researchgate.net/publication/301754869_Teaching_Programming_Fundamentals_to_Modern_University_Students}},
year = {2016},
month = {04},
pages = {},
title = {Teaching Programming Fundamentals to Modern University Students},
doi = {10.5220/0005809403080317}
}
@inproceedings{ClaraQuest,
author = {Dolha, Dominika},
year = {2020},
month = {05},
pages = {},
title = {Vzdelávacie prostredie programovania vo virtuálnej realite},
}
}
@inproceedings{Cubely,
author = {Vincur, Juraj and Konopka, Martin and Tvarozek, Jozef and Hoang, Martin and Navrat, Pavol},
title = {Cubely: Virtual Reality Block-Based Programming Environment},
year = {2017},
month = {10}
}
@article{MinecraftEd,
 author = {Steve Nebel and Sascha Schneider and Günter Daniel Rey},
 title = {Mining Learning and Crafting Scientific Experiments: A Literature Review on the Use of Minecraft in Education and Research},
 month = {10},
 year = {2016}
}



